@manual{sample,
  author = {TU Dortmund},
  title = {Versuchsanleitung zum Versuch V53-Mikrowellen auf Hohlleiter},
  year = 2019
}

@manual{sample1,
  author = {TU Dortmund},
  title = {Versuchsanleitung zum Versuch V53-Mikrowellen auf Hohlleiter},
  year = 2018
}

@article{uncertainties,
author = "Eric O. LEBIGOT",
title = "Uncertainties: a Python package for calculations with uncertainties",
year = "2017",
url = "http://pythonhosted.org/uncertainties/",
}
