@manual{sample,
  author = {TU Dortmund},
  title = {Versuchsanleitung zum Versuch V61-Der HeNe-Laser},
  year = 2019
}

@article{sample1,
title = "Malussches Gesetz",
year = "2019",
url = "https://www.spektrum.de/lexikon/physik/malussches-gesetz/9423",
}

@manual{sample2,
  author = {TU Dortmund},
  title = {Versuchsanleitung zum Versuch V61-Der HeNe-Laser},
  year = 2018
}
