@manual{sample1,
  author = {TU Dortmund},
  title = {Versuchsanleitun zum Versuch V16-Rutherford-Streuung},
  year = 2019
}

@Misc{sample,
title = "Periodensystem der Elemente",
note = "Eingesehen am 16.05.2019",
url = "https://www.lenntech.de/pse/pse.htm",
}

@Misc{sample2,
author = "Dipl. Ing. (FH) Michael Schmidt",
title = "Lichtmessung",
note = "Eingesehen am 16.05.2019",
url = "https://www.htwsaar.de/ingwi/labore/labore-der-mechatronik-sensortechnik/physik-labor/asap/skript-lichtmessung",
}

@Misc{sample3,
title = "nucleonica",
note = "Eingesehen am 16.05.2019",
url = ": https://www.nucleonica.com/Application/ReducedDecaySchemes/Am241_TXT.htm",
}

@Misc{sample4,
title = "Behte-Bloch Formel",
note = "Eingesehen am 16.05.2019",
url = ": https://www.chemie.de/lexikon/Bethe-Bloch-Formel.html",
}

@Misc{sample5,
title = "The NIST reference on Constants, Units and Uncertainties",
note = "Eingesehen am 03.06.2019",
url = ": https://www.chemie.de/lexikon/Bethe-Bloch-Formel.html",
}

@Misc{sample6,
title = "NIST. X-Ray Mass Attenuation Coefficients.",
note = "Eingesehen am 03.06.2019",
url = ": https://physics.nist.gov/PhysRefData/XrayMassCoef/tab1.html.",
}

@Misc{sample7,
title = "Density of the Elements.",
note = "Eingesehen am 03.06.2019",
url = ": https://periodictable.com/Properties/A/Density.al.log.html",
}

@Misc{sample8,
author = "Ren√© Rausch",
title = "241 Am",
note = "Eingesehen am 03.06.2019",
url = ": http://www.periodensystem-online.de/index.php?id=isotope&el=95&mz=241&nrg=0&show=nuklid&sel=",
}
