@manual{sample,
  author = {TU Dortmund},
  title = {Versuchsanleitung des Versuchs V46-Faraday Effekt},
  year = 2019
}

@manual{sample1,
  author = {TU Dortmund},
  title = {Versuchsanleitung des Versuchs V46-Faraday Effekt},
  year = 2018
}

@manual{sample2,
  author = {M. Stiftinger},
  title = {Bandstruktur von GaAs},
  year = 1994
}
