@manual{sample,
  author = {TU Dortmund},
  title = {Versuchsanleitung zum Versuch V14-Tomographie mit Gamma-Strahlung},
  year = 2019
}

@Misc{sample2,
author = "National Institute of Standards and Technology",
note = "Eingesehen am 30.05.2019",
url = "https://physics.nist.gov/PhysRefData/Xcom/html/xcom1.html",
}
